%% This BibTeX bibliography file was created using BibDesk.
%% http://bibdesk.sourceforge.net/

%% Created for Antonio Guzmán at 2016-05-18 13:23:12 +0200 


%% Saved with string encoding Unicode (UTF-8) 



@book{cita5,
	Author = {Bram Stoker},
	Date-Added = {2016-05-03 22:09:25 +0000},
	Date-Modified = {2016-05-03 22:10:01 +0000},
	Title = {Dr{\'a}cula},
	Year = {1897}}

@book{cita4,
	Author = {Sthepen King},
	Date-Added = {2016-05-03 22:07:33 +0000},
	Date-Modified = {2016-05-03 22:09:19 +0000},
	Title = {Carrie},
	Year = {1974}}

@book{cita3,
	Author = {Edgar Allan Poe},
	Date-Added = {2016-05-03 21:51:31 +0000},
	Date-Modified = {2016-05-03 21:52:17 +0000},
	Title = {El gato negro},
	Year = {1843}}

@book{cita2,
	Author = {Rover Louis Stevenson},
	Date-Added = {2016-05-03 21:50:09 +0000},
	Date-Modified = {2016-05-18 11:19:16 +0000},
	Keywords = {libro de terror},
	Title = {El extra{\~n}o caso del doctor Jekyll y el se{\~n}or Hyde},
	Year = {1886}}

@book{cita1,
	Annote = {
    http://www.latex-project.org/
    Ataz L{\'o}pez, Joaqu{\'\i}n: Creaci{\'o}n de ficheros LaTeX con GNU Emacs, 2004. URL http://www.ctan.org/tex-archive/info/spanish/guia-atx/
    Ataz L{\'o}pez, Joaqu{\'\i}n: Una introducci{\'o}n r{\'a}pida a GNU Emacs, 2004. URL http://es.tldp.org/Tutoriales/doc-tutorial-emacs/
    Cascales Salinas, Bernardo, Lucas Saor{\'\i}n, Pascual, Mira Ros, Jos{\'e} Manuel, Pallar{\'e}s Ruiz, Antonio y S{\'a}nchez-Pedre{\~n}o Guill{\'e}n, Salvador: LaTeX, una imprenta en sus manos. Aula Documental de Investigaci{\'o}n, 2000.
    Cascales Salinas, Bernardo, Lucas Saor{\'\i}n, Pascual, Mira Ros, Jos{\'e} Manuel, Pallar{\'e}s Ruiz, Antonio y S{\'a}nchez-Pedre{\~n}o Guill{\'e}n, Salvador: El libro de LaTeX. Pearson-Prentice Hall, 2003.
    Knuth, Donald E.: The TEX Book. Addison-Wesley, 1986.
    Kopka, Helmut y Daly, Patrick W.: Guide to LaTeX. Addison-Wesley, 4a ed{\'o}n., 2004.
    Lamport, Leslie: LaTeX: A document preparation system. Addison-Wesley, 1986.
    Markey, Nicolas: Tame the BeaST, 2005. URL http://www.ctan.org/tex-archive/info/bibtex/tamethebeast/
    Mira Ros, Jos{\'e} Manuel: «Bibliograf{\'\i}a flexible: el sistema flexbib». En TeXemplares, no 6, p{\'a}gs. 8--26, 2004. URL http://www.cervantex.es/cervantex/files/cervantex/texemplares6.pdf
    Patashnik, Oren: BibTeXing, February 1988. URL http://www.ctan.org/tex-archive/biblio/bibtex/contrib/doc/btxdoc.pdf
    Patashnik, Oren: Designing BibTeX Styles, February 1988. URL http://www.ctan.org/tex-archive/biblio/bibtex/contrib/doc/btxhak.pdf
    Seidel, Luis: Bases de datos bibliogr{\'a}ficas, LaTeX y el idioma espa{\~n}ol, March 1998. URL ftp://tex.unirioja.es/pub/tex/doc/bibliogr.pdf
},
	Author = {Sthepen King},
	Date-Added = {2016-05-03 21:28:23 +0000},
	Date-Modified = {2016-05-18 11:19:02 +0000},
	Journal = {1},
	Keywords = {libro de terror},
	Month = {May},
	Read = {0},
	Title = {El resplandor},
	Year = {1977}}
